<?xml version="1.0" encoding="UTF-8"?><collection xmlns="http://www.loc.gov/MARC21/slim"><record><leader>00331nam--2200133-i-4500</leader><controlfield tag="001">000036460</controlfield><controlfield tag="002">20161230</controlfield><controlfield tag="005">20161230201040</controlfield><controlfield tag="008">060222s1000------------r-----000-0-eng-d</controlfield><datafield ind1=" " ind2=" " tag="080"><subfield code="a">543.253</subfield></datafield><datafield ind1=" " ind2=" " tag="245"><subfield code="a">Polarography 1964</subfield></datafield><datafield ind1=" " ind2=" " tag="260"><subfield code="a">London, Macmillan, 1966. Xv+/-687-1164/P.+ Xvii-xxviii</subfield></datafield><datafield ind1=" " ind2=" " tag="700"><subfield code="a">Graham J.Hills</subfield></datafield><datafield ind1=" " ind2=" " tag="852"><subfield code="a">26965</subfield></datafield></record></collection>